%% This BibTeX bibliography file was created using BibDesk.
%% http://bibdesk.sourceforge.net/

%% Created for Idit Keidar at 2019-03-12 15:58:04 +0200 


%% Saved with string encoding Unicode (UTF-8) 



@misc{flurry,
	Date-Added = {2019-03-12 15:57:21 +0200},
	Date-Modified = {2019-03-12 15:58:04 +0200},
	Howpublished = {\url{https://www.flurry.com/}},
	Title = {Flurry}}

@article{top-k-survey,
  author    = {Ihab F. Ilyas and
               George Beskales and
               Mohamed A. Soliman},
  title     = {A survey of top-\emph{k} query processing techniques in relational
               database systems},
  journal   = {{ACM} Comput. Surv.},
  volume    = {40},
  number    = {4},
  pages     = {11:1--11:58},
  year      = {2008},
  url       = {https://doi.org/10.1145/1391729.1391730},
  doi       = {10.1145/1391729.1391730},
  timestamp = {Wed, 14 Nov 2018 10:31:46 +0100},
  biburl    = {https://dblp.org/rec/bib/journals/csur/IlyasBS08},
  bibsource = {dblp computer science bibliography, https://dblp.org}
}

@misc{druid-topN,
	Date-Added = {2019-03-12 15:55:30 +0200},
	Date-Modified = {2019-03-12 15:56:06 +0200},
	Howpublished = {\url{http://druid.io/docs/latest/querying/topnquery.html}},
	Title = {TopN queries}}

@misc{lucene,
	Howpublished = {\url{https://lucene.apache.org}}}

@misc{aol,
	Howpublished = {\url{http://www.cim.mcgill.ca/~dudek/206/Logs/AOL-user-ct-collection}}}

@misc{ClueWeb09,
	Author = {Callan, Jamie and Hoy, Mark and Yoo, Changkuk and Zhao, Le},
	Title = {Clueweb09 data set},
	Year = {2009}}

@misc{java-hashmap,
	Howpublished = {\url{https://docs.oracle.com/javase/7/docs/api/java/util/concurrent/ConcurrentHashMap.html}}}

@misc{java-bytebuffer,
	Howpublished = {\url{https://docs.oracle.com/javase/7/docs/api/java/nio/MappedByteBuffer.html}}}

@inproceedings{Liu:2018:GUC:3178487.3178512,
	Acmid = {3178512},
	Address = {New York, NY, USA},
	Author = {Liu, Yang and Wang, Jianguo and Swanson, Steven},
	Booktitle = {Proceedings of the 23rd ACM SIGPLAN Symposium on Principles and Practice of Parallel Programming},
	Doi = {10.1145/3178487.3178512},
	Isbn = {978-1-4503-4982-6},
	Keywords = {GPU, information retrieval, parallel algorithms, query processing, search engines},
	Location = {Vienna, Austria},
	Numpages = {11},
	Pages = {327--337},
	Publisher = {ACM},
	Series = {PPoPP '18},
	Title = {Griffin: Uniting CPU and GPU in Information Retrieval Systems for Intra-query Parallelism},
	Url = {http://doi.acm.org/10.1145/3178487.3178512},
	Year = {2018},
	Bdsk-Url-1 = {http://doi.acm.org/10.1145/3178487.3178512},
	Bdsk-Url-2 = {https://doi.org/10.1145/3178487.3178512}}

@article{Lin:2017,
	Acmid = {3106832},
	Address = {Hingham, MA, USA},
	Author = {Lin, Jimmy and Trotman, Andrew},
	Doi = {10.1007/s10791-016-9291-5},
	Issn = {1386-4564},
	Issue_Date = {June 2017},
	Journal = {Inf. Retr.},
	Month = jun,
	Number = {3},
	Numpages = {22},
	Pages = {199--220},
	Publisher = {Kluwer Academic Publishers},
	Title = {The Role of Index Compression in Score-at-a-time Query Evaluation},
	Url = {https://doi.org/10.1007/s10791-016-9291-5},
	Volume = {20},
	Year = {2017},
	Bdsk-Url-1 = {https://doi.org/10.1007/s10791-016-9291-5}}

@inproceedings{parallel-jass,
	Acmid = {3166073},
	Address = {New York, NY, USA},
	Articleno = {8},
	Author = {Mackenzie, Joel and Scholer, Falk and Culpepper, J. Shane},
	Booktitle = {Proceedings of the 22Nd Australasian Document Computing Symposium},
	Doi = {10.1145/3166072.3166073},
	Isbn = {978-1-4503-6391-4},
	Location = {Brisbane, QLD, Australia},
	Numpages = {8},
	Pages = {8:1--8:8},
	Publisher = {ACM},
	Series = {ADCS 2017},
	Title = {Early Termination Heuristics for Score-at-a-Time Index Traversal},
	Url = {http://doi.acm.org/10.1145/3166072.3166073},
	Year = {2017},
	Bdsk-Url-1 = {http://doi.acm.org/10.1145/3166072.3166073},
	Bdsk-Url-2 = {https://doi.org/10.1145/3166072.3166073}}

@inproceedings{sigir/Guy16,
	Author = {Guy, Ido},
	Booktitle = {Proceedings of SIGIR},
	Isbn = {978-1-4503-4069-4},
	Keywords = {mobile search, spoken queries, voice search},
	Location = {Pisa, Italy},
	Numpages = {10},
	Pages = {35--44},
	Publisher = {ACM},
	Title = {Searching by Talking: Analysis of Voice Queries on Mobile Web Search},
	Year = {2016}}

@book{Baeza-Yates:1999:MIR:553876,
	Address = {Boston, MA, USA},
	Author = {Baeza-Yates, Ricardo A. and Ribeiro-Neto, Berthier},
	Isbn = {020139829X},
	Publisher = {Addison-Wesley Longman Publishing Co., Inc.},
	Title = {Modern Information Retrieval},
	Year = {1999}}

@inproceedings{Arapakis:2014:IRL:2600428.2609627,
	Author = {Arapakis, Ioannis and Bai, Xiao and Cambazoglu, B. Barla},
	Booktitle = {Proceedings of SIGIR},
	Isbn = {978-1-4503-2257-7},
	Keywords = {response latency, user behavior, web search engine},
	Location = {Gold Coast, Queensland, Australia},
	Numpages = {10},
	Pages = {103--112},
	Publisher = {ACM},
	Title = {Impact of Response Latency on User Behavior in Web Search},
	Year = {2014}}

@article{INR-050,
	Author = {Gupta, Manish and Bendersky, Michael},
	Doi = {10.1561/1500000050},
	Issn = {1554-0669},
	Journal = {Foundations and Trends in Information Retrieval},
	Number = {3-4},
	Pages = {209-354},
	Title = {Information Retrieval with Verbose Queries},
	Url = {http://dx.doi.org/10.1561/1500000050},
	Volume = {9},
	Year = {2015},
	Bdsk-Url-1 = {http://dx.doi.org/10.1561/1500000050}}

@article{Spink:2001:SWP:362968.362979,
	Author = {Spink, Amanda and Wolfram, Dietmar and Jansen, Major B. J. and Saracevic, Tefko},
	Issn = {1532-2882},
	Issue_Date = {Feb. 1, 2001},
	Journal = {J. Am. Soc. Inf. Sci. Technol.},
	Month = feb,
	Number = {3},
	Numpages = {9},
	Pages = {226--234},
	Publisher = {John Wiley \& Sons, Inc.},
	Title = {Searching the Web: The Public and Their Queries},
	Volume = {52},
	Year = {2001}}

@inproceedings{Broder:2003,
	Author = {Broder, Andrei Z. and Carmel, David and Herscovici, Michael and Soffer, Aya and Zien, Jason},
	Booktitle = {Proceedings of CIKM},
	Isbn = {1-58113-723-0},
	Keywords = {WAND, document-at-a-time, efficient query evaluation},
	Location = {New Orleans, LA, USA},
	Numpages = {9},
	Pages = {426--434},
	Publisher = {ACM},
	Title = {Efficient Query Evaluation Using a Two-level Retrieval Process},
	Year = {2003}}

@inproceedings{Ding:2011,
	Author = {Ding, Shuai and Suel, Torsten},
	Booktitle = {Proceedings of SIGIR},
	Isbn = {978-1-4503-0757-4},
	Keywords = {block-max index, early termination, inverted index, ir query processing, top-k query processing},
	Location = {Beijing, China},
	Numpages = {10},
	Pages = {993--1002},
	Publisher = {ACM},
	Title = {Faster Top-k Document Retrieval Using Block-max Indexes},
	Year = {2011}}

@inproceedings{rojas2013efficient,
	Author = {Rojas, Oscar and Gil-Costa, Veronica and Marin, Mauricio},
	Booktitle = {European Conference on Parallel Processing},
	Organization = {Springer},
	Pages = {394--405},
	Title = {Efficient parallel block-max WAND algorithm},
	Year = {2013}}

@article{Fagin:2003,
	Author = {Fagin, Ronald and Lotem, Amnon and Naor, Moni},
	Journal = {Journal of computer and system sciences},
	Number = {4},
	Pages = {614--656},
	Publisher = {Elsevier},
	Title = {Optimal aggregation algorithms for middleware},
	Volume = {66},
	Year = {2003}}

@inproceedings{Bortnikov:2017,
	Acmid = {3054191},
	Author = {Bortnikov, Edward and Carmel, David and Golan-Gueta, Guy},
	Booktitle = {Proceedings of WWW Companion},
	Isbn = {978-1-4503-4914-7},
	Keywords = {conditional-skip iterator, dynamic pruning, top-k query processing},
	Location = {Perth, Australia},
	Numpages = {9},
	Pages = {653--661},
	Title = {Top-k Query Processing with Conditional Skips},
	Year = {2017}}

@inproceedings{Bonacic:2015,
	Author = {Bonacic, Carolina and Bustos, Danilo and Gil-Costa, Veronica and Marin, Mauricio and Sepulveda, Victor},
	Booktitle = {Proceedings of the 2015 Workshop on Large-Scale and Distributed System for Information Retrieval},
	Isbn = {978-1-4503-3781-6},
	Location = {Melbourne, Australia},
	Pages = {15--20},
	Series = {LSDS-IR '15},
	Title = {Multithreaded Processing in Dynamic Inverted Indexes for Web Search Engines},
	Year = {2015}}

@inproceedings{Bonacic:2008,
	Author = {Bonacic, Carolina and Garcia, Carlos and Marin, Mauricio and Prieto, Manuel and Tirado, Francisco},
	Booktitle = {Proceedings of Euro-Par},
	Isbn = {978-3-540-85450-0},
	Location = {Las Palmas de Gran Canaria, Spain},
	Numpages = {10},
	Pages = {414--423},
	Publisher = {Springer-Verlag},
	Title = {Exploiting Hybrid Parallelism in Web Search Engines},
	Year = {2008}}

@inproceedings{Theobald:2004,
	Acmid = {1316746},
	Author = {Theobald, Martin and Weikum, Gerhard and Schenkel, Ralf},
	Booktitle = {Proceedings of VLDB},
	Isbn = {0-12-088469-0},
	Location = {Toronto, Canada},
	Numpages = {12},
	Pages = {648--659},
	Publisher = {VLDB Endowment},
	Series = {VLDB '04},
	Title = {Top-k Query Evaluation with Probabilistic Guarantees},
	Url = {http://dl.acm.org/citation.cfm?id=1316689.1316746},
	Year = {2004},
	Bdsk-Url-1 = {http://dl.acm.org/citation.cfm?id=1316689.1316746}}

@inproceedings{Gong:2010,
	Author = {Gong, Neil Z and Sun, Guang-Zhong and Chen, DQ},
	Booktitle = {Proceedings of SIGMOD},
	Title = {Parallel Algorithms for Top-k Query Processing},
	Year = {2010}}

@article{rojas2013distributing,
	Author = {Rojas, Oscar and Gil-Costa, Veronica and Marin, Mauricio},
	Journal = {Procedia Computer Science},
	Pages = {120--129},
	Publisher = {Elsevier},
	Title = {Distributing efficiently the Block-Max WAND algorithm},
	Volume = {18},
	Year = {2013}}

@inproceedings{Strohman:2005,
	Author = {Strohman, Trevor and Turtle, Howard and Croft, W. Bruce},
	Booktitle = {Proceedings of SIGIR},
	Isbn = {1-59593-034-5},
	Keywords = {efficiency, indexing, query processing},
	Location = {Salvador, Brazil},
	Numpages = {7},
	Pages = {219--225},
	Publisher = {ACM},
	Title = {Optimization Strategies for Complex Queries},
	Year = {2005}}

@article{Turtle:1995,
	Author = {Turtle, Howard and Flood, James},
	Issn = {0306-4573},
	Journal = {Inf. Process. Manage.},
	Month = nov,
	Number = {6},
	Numpages = {20},
	Pages = {831--850},
	Publisher = {Pergamon Press, Inc.},
	Title = {Query Evaluation: Strategies and Optimizations},
	Volume = {31},
	Year = {1995}}

@article{ilyas2008survey,
	Author = {Ilyas, Ihab F and Beskales, George and Soliman, Mohamed A},
	Journal = {ACM Computing Surveys (CSUR)},
	Number = {4},
	Pages = {11},
	Publisher = {ACM},
	Title = {A survey of top-k query processing techniques in relational database systems},
	Volume = {40},
	Year = {2008}}

@inproceedings{Bast:2006,
	Author = {Bast, Holger and Majumdar, Debapriyo and Schenkel, Ralf and Theobald, Martin and Weikum, Gerhard},
	Booktitle = {Proceedings of VLDB},
	Location = {Seoul, Korea},
	Pages = {475--486},
	Publisher = {VLDB Endowment},
	Title = {IO-Top-k: Index-access Optimized Top-k Query Processing},
	Year = {2006}}

@inproceedings{Wang:2011,
	Author = {Wang, Lidan and Lin, Jimmy and Metzler, Donald},
	Booktitle = {Proceedings of SIGIR},
	Isbn = {978-1-4503-0757-4},
	Keywords = {effectiveness, efficiency, learning to rank},
	Location = {Beijing, China},
	Numpages = {10},
	Pages = {105--114},
	Publisher = {ACM},
	Title = {A Cascade Ranking Model for Efficient Ranked Retrieval},
	Year = {2011}}

@inproceedings{Strohman:2007,
	Author = {Strohman, Trevor and Croft, W. Bruce},
	Booktitle = {Proceedings of SIGIR},
	Isbn = {978-1-59593-597-7},
	Keywords = {impact-sorted indexes, memory},
	Location = {Amsterdam, The Netherlands},
	Numpages = {8},
	Pages = {175--182},
	Publisher = {ACM},
	Title = {Efficient Document Retrieval in Main Memory},
	Year = {2007}}

@article{Zobel:2006,
	Articleno = {6},
	Author = {Zobel, Justin and Moffat, Alistair},
	Issn = {0360-0300},
	Issue_Date = {2006},
	Journal = {ACM Comput. Surv.},
	Keywords = {Inverted file indexing, Web search engine, document database, information retrieval, text retrieval},
	Month = jul,
	Number = {2},
	Publisher = {ACM},
	Title = {Inverted Files for Text Search Engines},
	Volume = {38},
	Year = {2006}}

@inproceedings{Lin:2015,
	Author = {Lin, Jimmy and Trotman, Andrew},
	Booktitle = {Proceedings ICTIR},
	Isbn = {978-1-4503-3833-2},
	Keywords = {impact scores, score-at-a-time query evaluation},
	Location = {Northampton, Massachusetts, USA},
	Numpages = {4},
	Pages = {301--304},
	Publisher = {ACM},
	Title = {Anytime Ranking for Impact-Ordered Indexes},
	Year = {2015}}

@inproceedings{Moffat:2006,
	Author = {Moffat, Alistair and Webber, William and Zobel, Justin},
	Booktitle = {Proceedings of SIGIR},
	Isbn = {1-59593-369-7},
	Location = {Seattle, Washington, USA},
	Numpages = {8},
	Pages = {348--355},
	Publisher = {ACM},
	Title = {Load Balancing for Term-distributed Parallel Retrieval},
	Year = {2006}}

@article{kendall1938measure,
	Added-At = {2010-08-01T18:03:35.000+0200},
	Author = {Kendall, M. G.},
	Biburl = {https://www.bibsonomy.org/bibtex/290d45cb27d725a53c9c9bc740785b295/folke},
	Copyright = {Copyright {\copyright} 1938 Biometrika Trust},
	Description = {JSTOR: Biometrika, Vol. 30, No. 1/2 (Jun., 1938), pp. 81-93},
	Interhash = {bbc3cdb27ab7144174657276608f834d},
	Intrahash = {90d45cb27d725a53c9c9bc740785b295},
	Issn = {00063444},
	Journal = {Biometrika},
	Jstor_Articletype = {primary_article},
	Jstor_Formatteddate = {Jun., 1938},
	Keywords = {correlation ir measure rank ranking},
	Number = {1/2},
	Pages = {81--93},
	Publisher = {Biometrika Trust},
	Timestamp = {2010-08-01T18:03:35.000+0200},
	Title = {A New Measure of Rank Correlation},
	Url = {http://www.jstor.org/stable/2332226},
	Volume = 30,
	Year = 1938,
	Bdsk-Url-1 = {http://www.jstor.org/stable/2332226}}

@inproceedings{Tatikonda:2011,
	Author = {Tatikonda, Shirish and Cambazoglu, B. Barla and Junqueira, Flavio P.},
	Booktitle = {Proceedings of SIGIR},
	Isbn = {978-1-4503-0757-4},
	Keywords = {intra-query parallelism, multicore architectures, posting list intersection, query processing, web search engines},
	Location = {Beijing, China},
	Numpages = {10},
	Pages = {963--972},
	Publisher = {ACM},
	Title = {Posting List Intersection on Multicore Architectures},
	Year = {2011}}

@inproceedings{Yuan:2009,
	Author = {Yuan, Jing and Sun, Guang-Zhong and Tian, Ye and Chen, Guoliang and Liu, Zhi},
	Booktitle = {Proceedings of the Joint International Conferences on Advances in Data and Web Management},
	Isbn = {978-3-642-00671-5},
	Location = {Suzhou, China},
	Numpages = {12},
	Pages = {15--26},
	Publisher = {Springer-Verlag},
	Series = {APWeb/WAIM '09},
	Title = {Selective-NRA Algorithms for Top-k Queries},
	Year = {2009}}

@inproceedings{Bonacic:2010,
	Author = {Bonacic, Carolina and Garc\'{\i}a, Carlos and Marin, Mauricio and Prieto-Matias, Manuel and Tirado, Francisco},
	Booktitle = {Proceedings of CIKM},
	Isbn = {978-1-4503-0099-5},
	Keywords = {multithreading, query processing, web search engines},
	Location = {Toronto, ON, Canada},
	Numpages = {10},
	Pages = {1249--1258},
	Publisher = {ACM},
	Title = {Building Efficient Multi-threaded Search Nodes},
	Year = {2010}}

@inproceedings{Jeon:2013,
	Acmid = {2465367},
	Author = {Jeon, Myeongjae and He, Yuxiong and Elnikety, Sameh and Cox, Alan L. and Rixner, Scott},
	Booktitle = {Proceedings of EuroSys},
	Doi = {10.1145/2465351.2465367},
	Isbn = {978-1-4503-1994-2},
	Keywords = {parallelism, response time, web search},
	Location = {Prague, Czech Republic},
	Numpages = {14},
	Pages = {155--168},
	Publisher = {ACM},
	Title = {Adaptive Parallelism for Web Search},
	Url = {http://doi.acm.org/10.1145/2465351.2465367},
	Year = {2013},
	Bdsk-Url-1 = {http://doi.acm.org/10.1145/2465351.2465367},
	Bdsk-Url-2 = {https://doi.org/10.1145/2465351.2465367}}

@inproceedings{Jeon:2014,
	Acmid = {2609572},
	Author = {Jeon, Myeongjae and Kim, Saehoon and Hwang, Seung-won and He, Yuxiong and Elnikety, Sameh and Cox, Alan L. and Rixner, Scott},
	Booktitle = {Proceedings of SIGIR},
	Doi = {10.1145/2600428.2609572},
	Isbn = {978-1-4503-2257-7},
	Keywords = {parallelism, query execution time prediction, tail latency},
	Location = {Gold Coast, Queensland, Australia},
	Numpages = {10},
	Pages = {253--262},
	Publisher = {ACM},
	Title = {Predictive Parallelization: Taming Tail Latencies in Web Search},
	Url = {http://doi.acm.org/10.1145/2600428.2609572},
	Year = {2014},
	Bdsk-Url-1 = {http://doi.acm.org/10.1145/2600428.2609572},
	Bdsk-Url-2 = {https://doi.org/10.1145/2600428.2609572}}

@inproceedings{Gursky:2008,
	Acmid = {1434537},
	Author = {Gursk\'{y}, Peter and Vojt\'{a}\v{s}, Peter},
	Booktitle = {Proceedings of the 2Nd International Conference on Scalable Uncertainty Management},
	Doi = {10.1007/978-3-540-87993-0_20},
	Isbn = {978-3-540-87992-3},
	Keywords = {TA-sorted variants, no random access, top-k search, user preferences},
	Location = {Naples, Italy},
	Numpages = {13},
	Pages = {243--255},
	Publisher = {Springer-Verlag},
	Series = {SUM '08},
	Title = {Speeding Up the NRA Algorithm},
	Url = {http://dx.doi.org/10.1007/978-3-540-87993-0_20},
	Year = {2008},
	Bdsk-Url-1 = {http://dx.doi.org/10.1007/978-3-540-87993-0_20}}

@article{yuan:2012,
	Author = {Yuan, Jing and Sun, Guangzhong and Luo, Tao and Lian, Defu and Chen, Guoliang},
	Journal = {Journal of Intelligent Information Systems},
	Number = {3},
	Pages = {687--710},
	Publisher = {Springer},
	Title = {Efficient processing of top-k queries: selective NRA algorithms},
	Volume = {39},
	Year = {2012}}

@inproceedings{Akbarinia:2007,
	Acmid = {1325909},
	Author = {Akbarinia, Reza and Pacitti, Esther and Valduriez, Patrick},
	Booktitle = {Proceedings of VLDB},
	Isbn = {978-1-59593-649-3},
	Location = {Vienna, Austria},
	Numpages = {12},
	Pages = {495--506},
	Publisher = {VLDB Endowment},
	Title = {Best Position Algorithms for Top-k Queries},
	Url = {http://dl.acm.org/citation.cfm?id=1325851.1325909},
	Year = {2007},
	Bdsk-Url-1 = {http://dl.acm.org/citation.cfm?id=1325851.1325909}}

@article{Mamoulis:2007,
	Acmid = {1272749},
	Articleno = {19},
	Author = {Mamoulis, Nikos and Yiu, Man Lung and Cheng, Kit Hung and Cheung, David W.},
	Doi = {10.1145/1272743.1272749},
	Issn = {0362-5915},
	Issue_Date = {August 2007},
	Journal = {ACM Trans. Database Syst.},
	Keywords = {Top-k queries, rank aggregation},
	Month = aug,
	Number = {3},
	Publisher = {ACM},
	Title = {Efficient Top-k Aggregation of Ranked Inputs},
	Url = {http://doi.acm.org/10.1145/1272743.1272749},
	Volume = {32},
	Year = {2007},
	Bdsk-Url-1 = {http://doi.acm.org/10.1145/1272743.1272749},
	Bdsk-Url-2 = {https://doi.org/10.1145/1272743.1272749}}

@article{Ao:2011,
	Acmid = {2002975},
	Author = {Ao, Naiyong and Zhang, Fan and Wu, Di and Stones, Douglas S. and Wang, Gang and Liu, Xiaoguang and Liu, Jing and Lin, Sheng},
	Doi = {10.14778/2002974.2002975},
	Issn = {2150-8097},
	Issue_Date = {May 2011},
	Journal = {Proc. VLDB Endow.},
	Month = may,
	Number = {8},
	Numpages = {12},
	Pages = {470--481},
	Publisher = {VLDB Endowment},
	Title = {Efficient Parallel Lists Intersection and Index Compression Algorithms Using Graphics Processing Units},
	Url = {http://dx.doi.org/10.14778/2002974.2002975},
	Volume = {4},
	Year = {2011},
	Bdsk-Url-1 = {http://dx.doi.org/10.14778/2002974.2002975}}

@inproceedings{Huston:2010,
	Acmid = {1835499},
	Author = {Huston, Samuel and Croft, W. Bruce},
	Booktitle = {Proceedings of SIGIR '10},
	Doi = {10.1145/1835449.1835499},
	Isbn = {978-1-4503-0153-4},
	Keywords = {black box, query reformulation, verbose queries},
	Location = {Geneva, Switzerland},
	Numpages = {8},
	Pages = {291--298},
	Publisher = {ACM},
	Title = {Evaluating Verbose Query Processing Techniques},
	Url = {http://doi.acm.org/10.1145/1835449.1835499},
	Year = {2010},
	Bdsk-Url-1 = {http://doi.acm.org/10.1145/1835449.1835499},
	Bdsk-Url-2 = {https://doi.org/10.1145/1835449.1835499}}

@inproceedings{Dimopoulos:2013,
	Acmid = {2433412},
	Address = {New York, NY, USA},
	Author = {Dimopoulos, Constantinos and Nepomnyachiy, Sergey and Suel, Torsten},
	Booktitle = {Proceedings of the Sixth ACM International Conference on Web Search and Data Mining},
	Doi = {10.1145/2433396.2433412},
	Isbn = {978-1-4503-1869-3},
	Keywords = {block-max inverted index, docid-oriented block-max index, early termination, top-k query processing},
	Location = {Rome, Italy},
	Numpages = {10},
	Pages = {113--122},
	Publisher = {ACM},
	Series = {WSDM '13},
	Title = {Optimizing Top-k Document Retrieval Strategies for Block-max Indexes},
	Url = {http://doi.acm.org/10.1145/2433396.2433412},
	Year = {2013},
	Bdsk-Url-1 = {http://doi.acm.org/10.1145/2433396.2433412},
	Bdsk-Url-2 = {https://doi.org/10.1145/2433396.2433412}}

@inproceedings{Crane:2017,
	Acmid = {3018726},
	Address = {New York, NY, USA},
	Author = {Crane, Matt and Culpepper, J. Shane and Lin, Jimmy and Mackenzie, Joel and Trotman, Andrew},
	Booktitle = {Proceedings of the Tenth ACM International Conference on Web Search and Data Mining},
	Doi = {10.1145/3018661.3018726},
	Isbn = {978-1-4503-4675-7},
	Keywords = {block-max wand, document-ordered indexes, impact-ordered indexes, jass, wand},
	Location = {Cambridge, United Kingdom},
	Numpages = {10},
	Pages = {201--210},
	Publisher = {ACM},
	Series = {WSDM '17},
	Title = {A Comparison of Document-at-a-Time and Score-at-a-Time Query Evaluation},
	Url = {http://doi.acm.org/10.1145/3018661.3018726},
	Year = {2017},
	Bdsk-Url-1 = {http://doi.acm.org/10.1145/3018661.3018726},
	Bdsk-Url-2 = {https://doi.org/10.1145/3018661.3018726}}

@article{Theobald:2008,
	Acmid = {1325170},
	Address = {Secaucus, NJ, USA},
	Author = {Theobald, Martin and Bast, Holger and Majumdar, Debapriyo and Schenkel, Ralf and Weikum, Gerhard},
	Doi = {10.1007/s00778-007-0072-z},
	Issn = {1066-8888},
	Issue_Date = {January 2008},
	Journal = {The VLDB Journal},
	Keywords = {Content- and structure-aware ranking, Cost-based index access scheduling, DB\&IR integration, Dynamic query expansion, Efficient XML full-text search, Probabilistic candidate pruning, Top-k query processing},
	Month = jan,
	Number = {1},
	Numpages = {35},
	Pages = {81--115},
	Publisher = {Springer-Verlag New York, Inc.},
	Title = {TopX: Efficient and Versatile Top-k Query Processing for Semistructured Data},
	Url = {http://dx.doi.org/10.1007/s00778-007-0072-z},
	Volume = {17},
	Year = {2008},
	Bdsk-Url-1 = {http://dx.doi.org/10.1007/s00778-007-0072-z}}
