@misc{lucene,
howpublished = {\url{https://lucene.apache.org}}
}

@misc{aol,
howpublished={\url{http://www.cim.mcgill.ca/~dudek/206/Logs/AOL-user-ct-collection}}
}


@misc{ClueWeb09,
  title={Clueweb09 data set},
  author={Callan, Jamie and Hoy, Mark and Yoo, Changkuk and Zhao, Le},
  year={2009}
}
 
 @misc{java-hashmap, 
 howpublished= {\url{https://docs.oracle.com/javase/7/docs/api/java/util/concurrent/ConcurrentHashMap.html}}
 }
 
 @misc{java-bytebuffer,
howpublished={\url{https://docs.oracle.com/javase/7/docs/api/java/nio/MappedByteBuffer.html}}
 }
 
 @inproceedings{Liu:2018:GUC:3178487.3178512,
 author = {Liu, Yang and Wang, Jianguo and Swanson, Steven},
 title = {Griffin: Uniting CPU and GPU in Information Retrieval Systems for Intra-query Parallelism},
 booktitle = {Proceedings of the 23rd ACM SIGPLAN Symposium on Principles and Practice of Parallel Programming},
 series = {PPoPP '18},
 year = {2018},
 isbn = {978-1-4503-4982-6},
 location = {Vienna, Austria},
 pages = {327--337},
 numpages = {11},
 url = {http://doi.acm.org/10.1145/3178487.3178512},
 doi = {10.1145/3178487.3178512},
 acmid = {3178512},
 publisher = {ACM},
 address = {New York, NY, USA},
 keywords = {GPU, information retrieval, parallel algorithms, query processing, search engines},
} 

@article{Lin:2017,
 author = {Lin, Jimmy and Trotman, Andrew},
 title = {The Role of Index Compression in Score-at-a-time Query Evaluation},
 journal = {Inf. Retr.},
 issue_date = {June      2017},
 volume = {20},
 number = {3},
 month = jun,
 year = {2017},
 issn = {1386-4564},
 pages = {199--220},
 numpages = {22},
 url = {https://doi.org/10.1007/s10791-016-9291-5},
 doi = {10.1007/s10791-016-9291-5},
 acmid = {3106832},
 publisher = {Kluwer Academic Publishers},
 address = {Hingham, MA, USA},
} 

@inproceedings{parallel-jass,
 author = {Mackenzie, Joel and Scholer, Falk and Culpepper, J. Shane},
 title = {Early Termination Heuristics for Score-at-a-Time Index Traversal},
 booktitle = {Proceedings of the 22Nd Australasian Document Computing Symposium},
 series = {ADCS 2017},
 year = {2017},
 isbn = {978-1-4503-6391-4},
 location = {Brisbane, QLD, Australia},
 pages = {8:1--8:8},
 articleno = {8},
 numpages = {8},
 url = {http://doi.acm.org/10.1145/3166072.3166073},
 doi = {10.1145/3166072.3166073},
 acmid = {3166073},
 publisher = {ACM},
 address = {New York, NY, USA},
} 



 
 
@inproceedings{sigir/Guy16,
 author = {Guy, Ido},
 title = {Searching by Talking: Analysis of Voice Queries on Mobile Web Search},
 booktitle = {Proceedings of SIGIR},
 year = {2016},
 isbn = {978-1-4503-4069-4},
 location = {Pisa, Italy},
 pages = {35--44},
 numpages = {10},
 publisher = {ACM},
keywords = {mobile search, spoken queries, voice search},
} 

@book{Baeza-Yates:1999:MIR:553876,
 author = {Baeza-Yates, Ricardo A. and Ribeiro-Neto, Berthier},
 title = {Modern Information Retrieval},
 year = {1999},
 isbn = {020139829X},
 publisher = {Addison-Wesley Longman Publishing Co., Inc.},
 address = {Boston, MA, USA},
} 

@inproceedings{Arapakis:2014:IRL:2600428.2609627,
 author = {Arapakis, Ioannis and Bai, Xiao and Cambazoglu, B. Barla},
 title = {Impact of Response Latency on User Behavior in Web Search},
 booktitle = {Proceedings of SIGIR},
 year = {2014},
 isbn = {978-1-4503-2257-7},
 location = {Gold Coast, Queensland, Australia},
 pages = {103--112},
 numpages = {10},
 publisher = {ACM},
 keywords = {response latency, user behavior, web search engine},
} 

@article{INR-050,
url = {http://dx.doi.org/10.1561/1500000050},
year = {2015},
volume = {9},
journal = {Foundations and Trends in Information Retrieval},
title = {Information Retrieval with Verbose Queries},
doi = {10.1561/1500000050},
issn = {1554-0669},
number = {3-4},
pages = {209-354},
author = {Gupta, Manish  and Bendersky, Michael}
}

@article{Spink:2001:SWP:362968.362979,
 author = {Spink, Amanda and Wolfram, Dietmar and Jansen, Major B. J. and Saracevic, Tefko},
 title = {Searching the Web: The Public and Their Queries},
 journal = {J. Am. Soc. Inf. Sci. Technol.},
 issue_date = {Feb. 1, 2001},
 volume = {52},
 number = {3},
 month = feb,
 year = {2001},
 issn = {1532-2882},
 pages = {226--234},
 numpages = {9},
 publisher = {John Wiley \& Sons, Inc.},
} 

@inproceedings{Broder:2003,
 author = {Broder, Andrei Z. and Carmel, David and Herscovici, Michael and Soffer, Aya and Zien, Jason},
 title = {Efficient Query Evaluation Using a Two-level Retrieval Process},
 booktitle = {Proceedings of CIKM},
 year = {2003},
 isbn = {1-58113-723-0},
 location = {New Orleans, LA, USA},
 pages = {426--434},
 numpages = {9},
 publisher = {ACM},
 keywords = {WAND, document-at-a-time, efficient query evaluation},
} 

@inproceedings{Ding:2011,
 author = {Ding, Shuai and Suel, Torsten},
 title = {Faster Top-k Document Retrieval Using Block-max Indexes},
 booktitle = {Proceedings of SIGIR},
 year = {2011},
 isbn = {978-1-4503-0757-4},
 location = {Beijing, China},
 pages = {993--1002},
 numpages = {10},
 publisher = {ACM},
 keywords = {block-max index, early termination, inverted index, ir query processing, top-k query processing},
} 

@inproceedings{rojas2013efficient,
  title={Efficient parallel block-max WAND algorithm},
  author={Rojas, Oscar and Gil-Costa, Veronica and Marin, Mauricio},
  booktitle={European Conference on Parallel Processing},
  pages={394--405},
  year={2013},
  organization={Springer}
}



@article{Fagin:2003,
  title={Optimal aggregation algorithms for middleware},
  author={Fagin, Ronald and Lotem, Amnon and Naor, Moni},
  journal={Journal of computer and system sciences},
  volume={66},
  number={4},
  pages={614--656},
  year={2003},
  publisher={Elsevier},
}

@inproceedings{Bortnikov:2017,
 author = {Bortnikov, Edward and Carmel, David and Golan-Gueta, Guy},
 title = {Top-k Query Processing with Conditional Skips},
 booktitle = {Proceedings of WWW Companion},
 year = {2017},
 isbn = {978-1-4503-4914-7},
 location = {Perth, Australia},
 pages = {653--661},
 numpages = {9},
 acmid = {3054191},
 keywords = {conditional-skip iterator, dynamic pruning, top-k query processing},
} 

@inproceedings{Bonacic:2015,
 author = {Bonacic, Carolina and Bustos, Danilo and Gil-Costa, Veronica and Marin, Mauricio and Sepulveda, Victor},
 title = {Multithreaded Processing in Dynamic Inverted Indexes for Web Search Engines},
 booktitle = {Proceedings of the 2015 Workshop on Large-Scale and Distributed System for Information Retrieval},
 series = {LSDS-IR '15},
 year = {2015},
 isbn = {978-1-4503-3781-6},
 location = {Melbourne, Australia},
 pages = {15--20},
} 


@inproceedings{Bonacic:2008,
 author = {Bonacic, Carolina and Garcia, Carlos and Marin, Mauricio and Prieto, Manuel and Tirado, Francisco},
 title = {Exploiting Hybrid Parallelism in Web Search Engines},
 booktitle = {Proceedings of Euro-Par},
 year = {2008},
 isbn = {978-3-540-85450-0},
 location = {Las Palmas de Gran Canaria, Spain},
 pages = {414--423},
 numpages = {10},
 publisher = {Springer-Verlag},
} 

@inproceedings{Theobald:2004,
 author = {Theobald, Martin and Weikum, Gerhard and Schenkel, Ralf},
 title = {Top-k Query Evaluation with Probabilistic Guarantees},
 booktitle = {Proceedings of VLDB},
 series = {VLDB '04},
 year = {2004},
 isbn = {0-12-088469-0},
 location = {Toronto, Canada},
 pages = {648--659},
 numpages = {12},
 url = {http://dl.acm.org/citation.cfm?id=1316689.1316746},
 acmid = {1316746},
 publisher = {VLDB Endowment},
} 

@inproceedings{Gong:2010,
  title={Parallel Algorithms for Top-k Query Processing},
  author={Gong, Neil Z and Sun, Guang-Zhong and Chen, DQ},
  booktitle={Proceedings of SIGMOD},
  year={2010}
}

@article{rojas2013distributing,
  title={Distributing efficiently the Block-Max WAND algorithm},
  author={Rojas, Oscar and Gil-Costa, Veronica and Marin, Mauricio},
  journal={Procedia Computer Science},
  volume={18},
  pages={120--129},
  year={2013},
  publisher={Elsevier}
}

@inproceedings{Strohman:2005,
 author = {Strohman, Trevor and Turtle, Howard and Croft, W. Bruce},
 title = {Optimization Strategies for Complex Queries},
 booktitle = {Proceedings of SIGIR},
 year = {2005},
 isbn = {1-59593-034-5},
 location = {Salvador, Brazil},
 pages = {219--225},
 numpages = {7},
 publisher = {ACM},
 keywords = {efficiency, indexing, query processing},
} 

@article{Turtle:1995,
 author = {Turtle, Howard and Flood, James},
 title = {Query Evaluation: Strategies and Optimizations},
 journal = {Inf. Process. Manage.},
 volume = {31},
 number = {6},
 month = nov,
 year = {1995},
 issn = {0306-4573},
 pages = {831--850},
 numpages = {20},
 publisher = {Pergamon Press, Inc.},
} 

@article{ilyas2008survey,
  title={A survey of top-k query processing techniques in relational database systems},
  author={Ilyas, Ihab F and Beskales, George and Soliman, Mohamed A},
  journal={ACM Computing Surveys (CSUR)},
  volume={40},
  number={4},
  pages={11},
  year={2008},
  publisher={ACM}
}

@inproceedings{Bast:2006,
 author = {Bast, Holger and Majumdar, Debapriyo and Schenkel, Ralf and Theobald, Martin and Weikum, Gerhard},
 title = {IO-Top-k: Index-access Optimized Top-k Query Processing},
 booktitle = {Proceedings of VLDB},
 year = {2006},
 location = {Seoul, Korea},
 pages = {475--486}, 
 publisher = {VLDB Endowment},
} 

@inproceedings{Wang:2011,
 author = {Wang, Lidan and Lin, Jimmy and Metzler, Donald},
 title = {A Cascade Ranking Model for Efficient Ranked Retrieval},
 booktitle = {Proceedings of SIGIR},
 year = {2011},
 isbn = {978-1-4503-0757-4},
 location = {Beijing, China},
 pages = {105--114},
 numpages = {10},
 publisher = {ACM},
 keywords = {effectiveness, efficiency, learning to rank},
} 

@inproceedings{Strohman:2007,
 author = {Strohman, Trevor and Croft, W. Bruce},
 title = {Efficient Document Retrieval in Main Memory},
 booktitle = {Proceedings of SIGIR},
 year = {2007},
 isbn = {978-1-59593-597-7},
 location = {Amsterdam, The Netherlands},
 pages = {175--182},
 numpages = {8},
 publisher = {ACM},
 keywords = {impact-sorted indexes, memory},
} 

@article{Zobel:2006,
 author = {Zobel, Justin and Moffat, Alistair},
 title = {Inverted Files for Text Search Engines},
 journal = {ACM Comput. Surv.},
 issue_date = {2006},
 volume = {38},
 number = {2},
 month = jul,
 year = {2006},
 issn = {0360-0300},
 articleno = {6},
 publisher = {ACM},
 keywords = {Inverted file indexing, Web search engine, document database, information retrieval, text retrieval},
} 

@inproceedings{Lin:2015,
 author = {Lin, Jimmy and Trotman, Andrew},
 title = {Anytime Ranking for Impact-Ordered Indexes},
 booktitle = {Proceedings ICTIR},
 year = {2015},
 isbn = {978-1-4503-3833-2},
 location = {Northampton, Massachusetts, USA},
 pages = {301--304},
 numpages = {4},
 publisher = {ACM},
 keywords = {impact scores, score-at-a-time query evaluation},
} 

@inproceedings{Moffat:2006,
 author = {Moffat, Alistair and Webber, William and Zobel, Justin},
 title = {Load Balancing for Term-distributed Parallel Retrieval},
 booktitle = {Proceedings of SIGIR},
 year = {2006},
 isbn = {1-59593-369-7},
 location = {Seattle, Washington, USA},
 pages = {348--355},
 numpages = {8},
 publisher = {ACM},
} 

@article{kendall1938measure,
  added-at = {2010-08-01T18:03:35.000+0200},
  author = {Kendall, M. G.},
  biburl = {https://www.bibsonomy.org/bibtex/290d45cb27d725a53c9c9bc740785b295/folke},
  copyright = {Copyright © 1938 Biometrika Trust},
  description = {JSTOR: Biometrika, Vol. 30, No. 1/2 (Jun., 1938), pp. 81-93},
  interhash = {bbc3cdb27ab7144174657276608f834d},
  intrahash = {90d45cb27d725a53c9c9bc740785b295},
  issn = {00063444},
  journal = {Biometrika},
  jstor_articletype = {primary_article},
  jstor_formatteddate = {Jun., 1938},
  keywords = {correlation ir measure rank ranking},
  number = {1/2},
  pages = {81--93},
  publisher = {Biometrika Trust},
  timestamp = {2010-08-01T18:03:35.000+0200},
  title = {A New Measure of Rank Correlation},
  url = {http://www.jstor.org/stable/2332226},
  volume = 30,
  year = 1938
}

@inproceedings{Tatikonda:2011,
 author = {Tatikonda, Shirish and Cambazoglu, B. Barla and Junqueira, Flavio P.},
 title = {Posting List Intersection on Multicore Architectures},
 booktitle = {Proceedings of SIGIR},
 year = {2011},
 isbn = {978-1-4503-0757-4},
 location = {Beijing, China},
 pages = {963--972},
 numpages = {10},
 publisher = {ACM},
 keywords = {intra-query parallelism, multicore architectures, posting list intersection, query processing, web search engines},
} 
@inproceedings{Yuan:2009,
 author = {Yuan, Jing and Sun, Guang-Zhong and Tian, Ye and Chen, Guoliang and Liu, Zhi},
 title = {Selective-NRA Algorithms for Top-k Queries},
 booktitle = {Proceedings of the Joint International Conferences on Advances in Data and Web Management},
 series = {APWeb/WAIM '09},
 year = {2009},
 isbn = {978-3-642-00671-5},
 location = {Suzhou, China},
 pages = {15--26},
 numpages = {12},
 publisher = {Springer-Verlag},
} 

@inproceedings{Bonacic:2010,
 author = {Bonacic, Carolina and Garc\'{\i}a, Carlos and Marin, Mauricio and Prieto-Matias, Manuel and Tirado, Francisco},
 title = {Building Efficient Multi-threaded Search Nodes},
 booktitle = {Proceedings of CIKM},
 year = {2010},
 isbn = {978-1-4503-0099-5},
 location = {Toronto, ON, Canada},
 pages = {1249--1258},
 numpages = {10},
 publisher = {ACM},
 keywords = {multithreading, query processing, web search engines},
} 

@inproceedings{Jeon:2013,
 author = {Jeon, Myeongjae and He, Yuxiong and Elnikety, Sameh and Cox, Alan L. and Rixner, Scott},
 title = {Adaptive Parallelism for Web Search},
 booktitle = {Proceedings of EuroSys},
 year = {2013},
 isbn = {978-1-4503-1994-2},
 location = {Prague, Czech Republic},
 pages = {155--168},
 numpages = {14},
 url = {http://doi.acm.org/10.1145/2465351.2465367},
 doi = {10.1145/2465351.2465367},
 acmid = {2465367},
 publisher = {ACM},
 keywords = {parallelism, response time, web search},
} 

@inproceedings{Jeon:2014,
 author = {Jeon, Myeongjae and Kim, Saehoon and Hwang, Seung-won and He, Yuxiong and Elnikety, Sameh and Cox, Alan L. and Rixner, Scott},
 title = {Predictive Parallelization: Taming Tail Latencies in Web Search},
 booktitle = {Proceedings of SIGIR },
 year = {2014},
 isbn = {978-1-4503-2257-7},
 location = {Gold Coast, Queensland, Australia},
 pages = {253--262},
 numpages = {10},
 url = {http://doi.acm.org/10.1145/2600428.2609572},
 doi = {10.1145/2600428.2609572},
 acmid = {2609572},
 publisher = {ACM},
 keywords = {parallelism, query execution time prediction, tail latency},
} 

@inproceedings{Gursky:2008,
 author = {Gursk\'{y}, Peter and Vojt\'{a}\v{s}, Peter},
 title = {Speeding Up the NRA Algorithm},
 booktitle = {Proceedings of the 2Nd International Conference on Scalable Uncertainty Management},
 series = {SUM '08},
 year = {2008},
 isbn = {978-3-540-87992-3},
 location = {Naples, Italy},
 pages = {243--255},
 numpages = {13},
 url = {http://dx.doi.org/10.1007/978-3-540-87993-0_20},
 doi = {10.1007/978-3-540-87993-0_20},
 acmid = {1434537},
 publisher = {Springer-Verlag},
 keywords = {TA-sorted variants, no random access, top-k search, user preferences},
} 

@article{yuan:2012,
  title={Efficient processing of top-k queries: selective NRA algorithms},
  author={Yuan, Jing and Sun, Guangzhong and Luo, Tao and Lian, Defu and Chen, Guoliang},
  journal={Journal of Intelligent Information Systems},
  volume={39},
  number={3},
  pages={687--710},
  year={2012},
  publisher={Springer}
}

@inproceedings{Akbarinia:2007,
 author = {Akbarinia, Reza and Pacitti, Esther and Valduriez, Patrick},
 title = {Best Position Algorithms for Top-k Queries},
 booktitle = {Proceedings of VLDB},
 year = {2007},
 isbn = {978-1-59593-649-3},
 location = {Vienna, Austria},
 pages = {495--506},
 numpages = {12},
 url = {http://dl.acm.org/citation.cfm?id=1325851.1325909},
 acmid = {1325909},
 publisher = {VLDB Endowment},
} 

@article{Mamoulis:2007,
 author = {Mamoulis, Nikos and Yiu, Man Lung and Cheng, Kit Hung and Cheung, David W.},
 title = {Efficient Top-k Aggregation of Ranked Inputs},
 journal = {ACM Trans. Database Syst.},
 issue_date = {August 2007},
 volume = {32},
 number = {3},
 month = aug,
 year = {2007},
 issn = {0362-5915},
 articleno = {19},
 url = {http://doi.acm.org/10.1145/1272743.1272749},
 doi = {10.1145/1272743.1272749},
 acmid = {1272749},
 publisher = {ACM},
 keywords = {Top-k queries, rank aggregation},
} 

@article{Ao:2011,
 author = {Ao, Naiyong and Zhang, Fan and Wu, Di and Stones, Douglas S. and Wang, Gang and Liu, Xiaoguang and Liu, Jing and Lin, Sheng},
 title = {Efficient Parallel Lists Intersection and Index Compression Algorithms Using Graphics Processing Units},
 journal = {Proc. VLDB Endow.},
 issue_date = {May 2011},
 volume = {4},
 number = {8},
 month = may,
 year = {2011},
 issn = {2150-8097},
 pages = {470--481},
 numpages = {12},
 url = {http://dx.doi.org/10.14778/2002974.2002975},
 doi = {10.14778/2002974.2002975},
 acmid = {2002975},
 publisher = {VLDB Endowment},
} 

@inproceedings{Huston:2010,
 author = {Huston, Samuel and Croft, W. Bruce},
 title = {Evaluating Verbose Query Processing Techniques},
 booktitle = {Proceedings of SIGIR '10},
 year = {2010},
 isbn = {978-1-4503-0153-4},
 location = {Geneva, Switzerland},
 pages = {291--298},
 numpages = {8},
 url = {http://doi.acm.org/10.1145/1835449.1835499},
 doi = {10.1145/1835449.1835499},
 acmid = {1835499},
 publisher = {ACM},
 keywords = {black box, query reformulation, verbose queries},
} 

@inproceedings{Dimopoulos:2013,
 author = {Dimopoulos, Constantinos and Nepomnyachiy, Sergey and Suel, Torsten},
 title = {Optimizing Top-k Document Retrieval Strategies for Block-max Indexes},
 booktitle = {Proceedings of the Sixth ACM International Conference on Web Search and Data Mining},
 series = {WSDM '13},
 year = {2013},
 isbn = {978-1-4503-1869-3},
 location = {Rome, Italy},
 pages = {113--122},
 numpages = {10},
 url = {http://doi.acm.org/10.1145/2433396.2433412},
 doi = {10.1145/2433396.2433412},
 acmid = {2433412},
 publisher = {ACM},
 address = {New York, NY, USA},
 keywords = {block-max inverted index, docid-oriented block-max index, early termination, top-k query processing},
} 

@inproceedings{Crane:2017,
 author = {Crane, Matt and Culpepper, J. Shane and Lin, Jimmy and Mackenzie, Joel and Trotman, Andrew},
 title = {A Comparison of Document-at-a-Time and Score-at-a-Time Query Evaluation},
 booktitle = {Proceedings of the Tenth ACM International Conference on Web Search and Data Mining},
 series = {WSDM '17},
 year = {2017},
 isbn = {978-1-4503-4675-7},
 location = {Cambridge, United Kingdom},
 pages = {201--210},
 numpages = {10},
 url = {http://doi.acm.org/10.1145/3018661.3018726},
 doi = {10.1145/3018661.3018726},
 acmid = {3018726},
 publisher = {ACM},
 address = {New York, NY, USA},
 keywords = {block-max wand, document-ordered indexes, impact-ordered indexes, jass, wand},
} 

@article{Theobald:2008,
 author = {Theobald, Martin and Bast, Holger and Majumdar, Debapriyo and Schenkel, Ralf and Weikum, Gerhard},
 title = {TopX: Efficient and Versatile Top-k Query Processing for Semistructured Data},
 journal = {The VLDB Journal},
 issue_date = {January   2008},
 volume = {17},
 number = {1},
 month = jan,
 year = {2008},
 issn = {1066-8888},
 pages = {81--115},
 numpages = {35},
 url = {http://dx.doi.org/10.1007/s00778-007-0072-z},
 doi = {10.1007/s00778-007-0072-z},
 acmid = {1325170},
 publisher = {Springer-Verlag New York, Inc.},
 address = {Secaucus, NJ, USA},
 keywords = {Content- and structure-aware ranking, Cost-based index access scheduling, DB\&IR integration, Dynamic query expansion, Efficient XML full-text search, Probabilistic candidate pruning, Top-k query processing},
} 








